
@article{kessler_supernova_2010,
	title = {Supernova {Photometric} {Classification} {Challenge}},
	url = {http://arxiv.org/abs/1001.5210},
	journal = {arXiv:1001.5210 [astro-ph]},
	author = {Kessler, Richard and Conley, Alex and Jha, Saurabh and Kuhlmann, Stephen},
	month = jan,
	year = {2010},
	note = {arXiv: 1001.5210},
}

@article{kessler_results_2010,
	title = {Results from the {Supernova} {Photometric} {Classification} {Challenge}},
	volume = {122},
	issn = {1538-3873},
	url = {http://iopscience.iop.org/article/10.1086/657607/meta},
	doi = {10.1086/657607},
	language = {en},
	number = {898},
	journal = {PASP},
	author = {Kessler, Richard and Bassett, Bruce and Belov, Pavel and Bhatnagar, Vasudha and Campbell, Heather and Conley, Alex and Frieman, Joshua A. and Glazov, Alexandre and Gonz{\'a}lez-Gait{\'a}n, Santiago and Hlozek, Ren{\'e}e and Jha, Saurabh and Kuhlmann, Stephen and Kunz, Martin and Lampeitl, Hubert and Mahabal, Ashish and Newling, James and Nichol, Robert C. and Parkinson, David and Philip, Ninan Sajeeth and Poznanski, Dovi and Richards, Joseph W. and Rodney, Steven A. and Sako, Masao and Schneider, Donald P. and Smith, Mathew and Stritzinger, Maximilian and Varughese, Melvin},
	month = nov,
	year = {2010},
	pages = {1415},
}

@article{narayan_machine_2018,
	title = {Machine {Learning}-based {Brokers} for {Real}-time {Classification} of the {LSST} {Alert} {Stream}},
	url = {http://arxiv.org/abs/1801.07323},
	journal = {arXiv:1801.07323 [astro-ph]},
	author = {Narayan, Gautham and Zaidi, Tayeb and Soraisam, Monika D. and Wang, Zhe and Lochner, Michelle and Matheson, Thomas and Saha, Abhijit and Yang, Shuo and Zhao, Zhenge and Kececioglu, John and Scheidegger, Carlos and Snodgrass, Richard T. and Axelrod, Tim and Jenness, Tim and Maier, Robert S. and Ridgway, Stephen T. and Seaman, Robert L. and Evans, Eric Michael and Singh, Navdeep and Taylor, Clark and Toeniskoetter, Jackson and Welch, Eric and Zhu, Songzhe},
	month = jan,
	year = {2018},
	note = {arXiv: 1801.07323},
}

@article{roberts_zbeams:_2017,
	title = {{zBEAMS}: a unified solution for supernova cosmology with redshift uncertainties},
	volume = {2017},
	issn = {1475-7516},
	shorttitle = {{zBEAMS}},
	url = {http://stacks.iop.org/1475-7516/2017/i=10/a=036},
	doi = {10.1088/1475-7516/2017/10/036},
	language = {en},
	number = {10},
	journal = {J. Cosmol. Astropart. Phys.},
	author = {Roberts, Ethan and Lochner, Michelle and Fonseca, Jos{\'e} and Bassett, Bruce A. and Lablanche, Pierre-Yves and Agarwal, Shankar},
	year = {2017},
	pages = {036},
}

@article{lochner_photometric_2016,
	title = {Photometric {Supernova} {Classification} with {Machine} {Learning}},
	volume = {225},
	issn = {0067-0049},
	url = {http://stacks.iop.org/0067-0049/225/i=2/a=31},
	doi = {10.3847/0067-0049/225/2/31},
	language = {en},
	number = {2},
	journal = {ApJS},
	author = {Lochner, Michelle and McEwen, Jason D. and Peiris, Hiranya V. and Lahav, Ofer and Winter, Max K.},
	year = {2016},
	pages = {31},
}

@article{crown_validation_nodate,
	title = {Validation of the {NOAA} {Space} {Weather} {Prediction} {Center}'s solar flare forecasting look-up table and forecaster-issued probabilities},
	volume = {10},
	copyright = {This paper is not subject to U.S. copyright. Published in 2012 by the American Geophysical          Union},
	issn = {1542-7390},
	url = {https://agupubs.onlinelibrary.wiley.com/doi/abs/10.1029/2011SW000760},
	doi = {10.1029/2011SW000760},
	language = {en},
	number = {6},
	journal = {Space Weather},
	author = {Crown, Misty D.},
}

@article{richards_construction_2012,
	title = {Construction of a {Calibrated} {Probabilistic} {Classification} {Catalog}: {Application} to 50k {Variable} {Sources} in the {All}-{Sky} {Automated} {Survey}},
	volume = {203},
	issn = {0067-0049},
	shorttitle = {Construction of a {Calibrated} {Probabilistic} {Classification} {Catalog}},
	url = {http://stacks.iop.org/0067-0049/203/i=2/a=32},
	doi = {10.1088/0067-0049/203/2/32},
	language = {en},
	number = {2},
	journal = {ApJS},
	author = {Richards, Joseph W. and Starr, Dan L. and Miller, Adam A. and Bloom, Joshua S. and Butler, Nathaniel R. and {Henrik Brink} and Crellin-Quick, Arien},
	year = {2012},
	pages = {32},
}

@article{mays_ensemble_2015,
	title = {Ensemble {Modeling} of {CMEs} {Using} the {WSA}{\textendash}{ENLIL}+{Cone} {Model}},
	volume = {290},
	issn = {0038-0938, 1573-093X},
	url = {https://link.springer.com/article/10.1007/s11207-015-0692-1},
	doi = {10.1007/s11207-015-0692-1},
	language = {en},
	number = {6},
	journal = {Sol Phys},
	author = {Mays, M. L. and Taktakishvili, A. and Pulkkinen, A. and MacNeice, P. J. and Rast{\"a}tter, L. and Odstrcil, D. and Jian, L. K. and Richardson, I. G. and LaSota, J. A. and Zheng, Y. and Kuznetsova, M. M.},
	month = jun,
	year = {2015},
	pages = {1775--1814},
}

@article{kim_hybrid_2015,
	title = {A hybrid ensemble learning approach to star{\textendash}galaxy classification},
	volume = {453},
	issn = {0035-8711},
	url = {https://academic.oup.com/mnras/article/453/1/507/1749701},
	doi = {10.1093/mnras/stv1608},
	language = {en},
	number = {1},
	journal = {Mon Not R Astron Soc},
	author = {Kim, Edward J. and Brunner, Robert J. and Carrasco Kind, Matias},
	month = oct,
	year = {2015},
	pages = {507--521},
}

@article{armstrong_k2_2016,
	title = {K2 variable catalogue {\textendash} {II}. {Machine} learning classification of variable stars and eclipsing binaries in {K}2 fields 0{\textendash}4},
	volume = {456},
	issn = {0035-8711},
	url = {https://academic.oup.com/mnras/article/456/2/2260/1071207},
	doi = {10.1093/mnras/stv2836},
	language = {en},
	number = {2},
	journal = {Mon Not R Astron Soc},
	author = {Armstrong, D. J. and Kirk, J. and Lam, K. W. F. and McCormac, J. and Osborn, H. P. and Spake, J. and Walker, S. and Brown, D. J. A. and Kristiansen, M. H. and Pollacco, D. and West, R. and Wheatley, P. J.},
	month = feb,
	year = {2016},
	pages = {2260--2272},
}

@article{brier_verification_1950,
	title = {Verification of forecasts expressed in terms of probability},
	volume = {78},
	issn = {0027-0644},
	url = {https://journals.ametsoc.org/doi/abs/10.1175/1520-0493%281950%29078%3C0001%3AVOFEIT%3E2.0.CO%3B2},
	doi = {10.1175/1520-0493(1950)078<0001:VOFEIT>2.0.CO;2},
	number = {1},
	journal = {Mon. Wea. Rev.},
	author = {Brier, Glenn W.},
	month = jan,
	year = {1950},
	pages = {1--3},
}

@article{kim_stargalaxy_2017,
	title = {Star{\textendash}galaxy classification using deep convolutional neural networks},
	volume = {464},
	issn = {0035-8711},
	url = {https://academic.oup.com/mnras/article/464/4/4463/2417400},
	doi = {10.1093/mnras/stw2672},
	language = {en},
	number = {4},
	journal = {Mon Not R Astron Soc},
	author = {Kim, Edward J. and Brunner, Robert J.},
	month = feb,
	year = {2017},
	pages = {4463--4475},
}

@article{florios_forecasting_2018,
	title = {Forecasting {Solar} {Flares} {Using} {Magnetogram}-based {Predictors} and {Machine} {Learning}},
	volume = {293},
	issn = {0038-0938, 1573-093X},
	url = {https://link.springer.com/article/10.1007/s11207-018-1250-4},
	doi = {10.1007/s11207-018-1250-4},
	language = {en},
	number = {2},
	journal = {Sol Phys},
	author = {Florios, Kostas and Kontogiannis, Ioannis and Park, Sung-Hong and Guerra, Jordan A. and Benvenuto, Federico and Bloomfield, D. Shaun and Georgoulis, Manolis K.},
	month = feb,
	year = {2018},
	pages = {28},
}

@article{mccloskey_flare_2018,
	title = {Flare {Forecasting} {Using} the {Evolution} of {McIntosh} {Sunspot} {Classifications}},
	url = {http://arxiv.org/abs/1805.00919},
	journal = {arXiv:1805.00919 [astro-ph]},
	author = {McCloskey, Aoife E. and Gallagher, Peter T. and Bloomfield, D. Shaun},
	month = may,
	year = {2018},
	note = {arXiv: 1805.00919},
}

@article{hon_deep_2018,
	title = {Deep learning classification in asteroseismology using an improved neural network: results on 15 000 {Kepler} red giants and applications to {K}2 and {TESS} data},
	volume = {476},
	issn = {0035-8711},
	shorttitle = {Deep learning classification in asteroseismology using an improved neural network},
	url = {https://academic.oup.com/mnras/article/476/3/3233/4898088},
	doi = {10.1093/mnras/sty483},
	language = {en},
	number = {3},
	journal = {Mon Not R Astron Soc},
	author = {Hon, Marc and Stello, Dennis and Yu, Jie},
	month = may,
	year = {2018},
	pages = {3233--3244},
}

@article{moller_photometric_2016,
	title = {Photometric classification of type {Ia} supernovae in the {SuperNova} {Legacy} {Survey} with supervised learning},
	volume = {2016},
	issn = {1475-7516},
	url = {http://stacks.iop.org/1475-7516/2016/i=12/a=008},
	doi = {10.1088/1475-7516/2016/12/008},
	language = {en},
	number = {12},
	journal = {J. Cosmol. Astropart. Phys.},
	author = {M{\"o}ller, A. and Ruhlmann-Kleider, V. and Leloup, C. and Neveu, J. and Palanque-Delabrouille, N. and Rich, J. and Carlberg, R. and {C. Lidman} and Pritchet, C.},
	year = {2016},
	pages = {008},
}

@article{hon_deep_2017,
	title = {Deep learning classification in asteroseismology},
	volume = {469},
	issn = {0035-8711},
	url = {https://academic.oup.com/mnras/article/469/4/4578/3828087},
	doi = {10.1093/mnras/stx1174},
	language = {en},
	number = {4},
	journal = {Mon Not R Astron Soc},
	author = {Hon, Marc and Stello, Dennis and Yu, Jie},
	month = aug,
	year = {2017},
	pages = {4578--4583},
}

@article{bethapudi_separation_2018,
	title = {Separation of pulsar signals from noise using supervised machine learning algorithms},
	volume = {23},
	issn = {2213-1337},
	url = {http://www.sciencedirect.com/science/article/pii/S2213133717301397},
	doi = {10.1016/j.ascom.2018.02.002},
	journal = {Astronomy and Computing},
	author = {Bethapudi, S. and Desai, S.},
	month = apr,
	year = {2018},
	pages = {15--26},
}

@article{hon_detecting_2018,
	title = {Detecting {Solar}-like {Oscillations} in {Red} {Giants} with {Deep} {Learning}},
	volume = {859},
	issn = {0004-637X},
	url = {http://stacks.iop.org/0004-637X/859/i=1/a=64},
	doi = {10.3847/1538-4357/aabfdb},
	language = {en},
	number = {1},
	journal = {ApJ},
	author = {Hon, Marc and Stello, Dennis and Zinn, Joel C.},
	year = {2018},
	pages = {64},
}

@article{wu_radio_2018,
	title = {Radio {Galaxy} {Zoo}: {ClaRAN} - {A} {Deep} {Learning} {Classifier} for {Radio} {Morphologies}},
	shorttitle = {Radio {Galaxy} {Zoo}},
	url = {http://arxiv.org/abs/1805.12008},
	journal = {arXiv:1805.12008 [astro-ph]},
	author = {Wu, Chen and Wong, O. Ivy and Rudnick, Lawrence and Shabala, Stanislav S. and Alger, Matthew J. and Banfield, Julie K. and Ong, Cheng Soon and White, Sarah V. and Garon, Avery F. and Norris, Ray P. and Andernach, Heinz and Tate, Jean and Lukic, Vesna and Tang, Hongming and Schawinski, Kevin and Diakogiannis, Foivos I.},
	month = may,
	year = {2018},
	note = {arXiv: 1805.12008},
}
