
@article{kessler_supernova_2010,
	title = {Supernova {Photometric} {Classification} {Challenge}},
	journal = {arXiv:1001.5210 [astro-ph]},
	author = {Kessler, Richard and Conley, Alex and Jha, Saurabh and Kuhlmann, Stephen},
	month = jan,
	year = {2010},
	note = {arXiv: 1001.5210},
}

@article{kessler_results_2010,
	title = {Results from the {Supernova} {Photometric} {Classification} {Challenge}},
	volume = {122},
	issn = {1538-3873},
	doi = {10.1086/657607},
	language = {en},
	number = {898},
	journal = {PASP},
	author = {Kessler, Richard and Bassett, Bruce and Belov, Pavel and Bhatnagar, Vasudha and Campbell, Heather and Conley, Alex and Frieman, Joshua A. and Glazov, Alexandre and Gonz{\'a}lez-Gait{\'a}n, Santiago and Hlozek, Ren{\'e}e and Jha, Saurabh and Kuhlmann, Stephen and Kunz, Martin and Lampeitl, Hubert and Mahabal, Ashish and Newling, James and Nichol, Robert C. and Parkinson, David and Philip, Ninan Sajeeth and Poznanski, Dovi and Richards, Joseph W. and Rodney, Steven A. and Sako, Masao and Schneider, Donald P. and Smith, Mathew and Stritzinger, Maximilian and Varughese, Melvin},
	month = nov,
	year = {2010},
	pages = {1415},
}

@article{roberts_zbeams:_2017,
	title = {{zBEAMS}: a unified solution for supernova cosmology with redshift uncertainties},
	volume = {2017},
	issn = {1475-7516},
	shorttitle = {{zBEAMS}},
	doi = {10.1088/1475-7516/2017/10/036},
	language = {en},
	number = {10},
	journal = {J. Cosmol. Astropart. Phys.},
	author = {Roberts, Ethan and Lochner, Michelle and Fonseca, Jos{\'e} and Bassett, Bruce A. and Lablanche, Pierre-Yves and Agarwal, Shankar},
	year = {2017},
	pages = {036},
}

@article{lochner_photometric_2016,
	title = {Photometric {Supernova} {Classification} with {Machine} {Learning}},
	volume = {225},
	issn = {0067-0049},
	doi = {10.3847/0067-0049/225/2/31},
	language = {en},
	number = {2},
	journal = {ApJS},
	author = {Lochner, Michelle and McEwen, Jason D. and Peiris, Hiranya V. and Lahav, Ofer and Winter, Max K.},
	year = {2016},
	pages = {31},
}

@article{narayan_machine_2018,
	title = {Machine {Learning}-based {Brokers} for {Real}-time {Classification} of the {LSST} {Alert} {Stream}},
	volume = {236},
	issn = {1538-4365},
	doi = {10.3847/1538-4365/aab781},
	number = {1},
	journal = {The Astrophysical Journal Supplement Series},
	author = {Narayan, Gautham and Zaidi, Tayeb and Soraisam, Monika D. and Wang, Zhe and Lochner, Michelle and Matheson, Thomas and Saha, Abhijit and Yang, Shuo and Zhao, Zhenge and Kececioglu, John and Scheidegger, Carlos and Snodgrass, Richard T. and Axelrod, Tim and Jenness, Tim and Maier, Robert S. and Ridgway, Stephen T. and Seaman, Robert L. and Evans, Eric Michael and Singh, Navdeep and Taylor, Clark and Toeniskoetter, Jackson and Welch, Eric and Zhu, Songzhe},
	month = may,
	year = {2018},
	note = {arXiv: 1801.07323},
	pages = {9},
}

@article{crown_validation_2012,
	title = {Validation of the {NOAA} {Space} {Weather} {Prediction} {Center}'s solar flare forecasting look-up table and forecaster-issued probabilities},
	volume = {10},
	copyright = {This paper is not subject to U.S. copyright. Published in 2012 by the American Geophysical          Union},
	issn = {1542-7390},
	doi = {10.1029/2011SW000760},
	language = {en},
	number = {6},
	journal = {Space Weather},
	author = {Crown, Misty D.},
	month = jun,
	year = {2012},
}

@article{richards_construction_2012,
	title = {Construction of a {Calibrated} {Probabilistic} {Classification} {Catalog}: {Application} to 50k {Variable} {Sources} in the {All}-{Sky} {Automated} {Survey}},
	volume = {203},
	issn = {0067-0049},
	shorttitle = {Construction of a {Calibrated} {Probabilistic} {Classification} {Catalog}},
	doi = {10.1088/0067-0049/203/2/32},
	language = {en},
	number = {2},
	journal = {ApJS},
	author = {Richards, Joseph W. and Starr, Dan L. and Miller, Adam A. and Bloom, Joshua S. and Butler, Nathaniel R. and {Henrik Brink} and Crellin-Quick, Arien},
	year = {2012},
	pages = {32},
}

@article{mays_ensemble_2015,
	title = {Ensemble {Modeling} of {CMEs} {Using} the {WSA}{\textendash}{ENLIL}+{Cone} {Model}},
	volume = {290},
	issn = {0038-0938, 1573-093X},
	doi = {10.1007/s11207-015-0692-1},
	language = {en},
	number = {6},
	journal = {Sol Phys},
	author = {Mays, M. L. and Taktakishvili, A. and Pulkkinen, A. and MacNeice, P. J. and Rast{\"a}tter, L. and Odstrcil, D. and Jian, L. K. and Richardson, I. G. and LaSota, J. A. and Zheng, Y. and Kuznetsova, M. M.},
	month = jun,
	year = {2015},
	pages = {1775--1814},
}

@article{kim_hybrid_2015,
	title = {A hybrid ensemble learning approach to star{\textendash}galaxy classification},
	volume = {453},
	issn = {0035-8711},
	doi = {10.1093/mnras/stv1608},
	language = {en},
	number = {1},
	journal = {Mon Not R Astron Soc},
	author = {Kim, Edward J. and Brunner, Robert J. and Carrasco Kind, Matias},
	month = oct,
	year = {2015},
	pages = {507--521},
}

@article{armstrong_k2_2016,
	title = {K2 variable catalogue {\textendash} {II}. {Machine} learning classification of variable stars and eclipsing binaries in {K}2 fields 0{\textendash}4},
	volume = {456},
	issn = {0035-8711},
	doi = {10.1093/mnras/stv2836},
	language = {en},
	number = {2},
	journal = {Mon Not R Astron Soc},
	author = {Armstrong, D. J. and Kirk, J. and Lam, K. W. F. and McCormac, J. and Osborn, H. P. and Spake, J. and Walker, S. and Brown, D. J. A. and Kristiansen, M. H. and Pollacco, D. and West, R. and Wheatley, P. J.},
	month = feb,
	year = {2016},
	pages = {2260--2272},
}

@article{brier_verification_1950,
	title = {Verification of forecasts expressed in terms of probability},
	volume = {78},
	issn = {0027-0644},
	doi = {10.1175/1520-0493(1950)078<0001:VOFEIT>2.0.CO;2},
	number = {1},
	journal = {Mon. Wea. Rev.},
	author = {Brier, Glenn W.},
	month = jan,
	year = {1950},
	pages = {1--3},
}

@article{kim_stargalaxy_2017,
	title = {Star{\textendash}galaxy classification using deep convolutional neural networks},
	volume = {464},
	issn = {0035-8711},
	doi = {10.1093/mnras/stw2672},
	language = {en},
	number = {4},
	journal = {Mon Not R Astron Soc},
	author = {Kim, Edward J. and Brunner, Robert J.},
	month = feb,
	year = {2017},
	pages = {4463--4475},
}

@article{florios_forecasting_2018,
	title = {Forecasting {Solar} {Flares} {Using} {Magnetogram}-based {Predictors} and {Machine} {Learning}},
	volume = {293},
	issn = {0038-0938, 1573-093X},
	doi = {10.1007/s11207-018-1250-4},
	language = {en},
	number = {2},
	journal = {Sol Phys},
	author = {Florios, Kostas and Kontogiannis, Ioannis and Park, Sung-Hong and Guerra, Jordan A. and Benvenuto, Federico and Bloomfield, D. Shaun and Georgoulis, Manolis K.},
	month = feb,
	year = {2018},
	pages = {28},
}

@article{mccloskey_flare_2018,
	title = {Flare {Forecasting} {Using} the {Evolution} of {McIntosh} {Sunspot} {Classifications}},
	journal = {arXiv:1805.00919 [astro-ph]},
	author = {McCloskey, Aoife E. and Gallagher, Peter T. and Bloomfield, D. Shaun},
	month = may,
	year = {2018},
	note = {arXiv: 1805.00919},
}

@article{hon_deep_2018,
	title = {Deep learning classification in asteroseismology using an improved neural network: results on 15 000 {Kepler} red giants and applications to {K}2 and {TESS} data},
	volume = {476},
	issn = {0035-8711},
	shorttitle = {Deep learning classification in asteroseismology using an improved neural network},
	doi = {10.1093/mnras/sty483},
	language = {en},
	number = {3},
	journal = {Mon Not R Astron Soc},
	author = {Hon, Marc and Stello, Dennis and Yu, Jie},
	month = may,
	year = {2018},
	pages = {3233--3244},
}

@article{moller_photometric_2016,
	title = {Photometric classification of type {Ia} supernovae in the {SuperNova} {Legacy} {Survey} with supervised learning},
	volume = {2016},
	issn = {1475-7516},
	doi = {10.1088/1475-7516/2016/12/008},
	language = {en},
	number = {12},
	journal = {J. Cosmol. Astropart. Phys.},
	author = {M{\"o}ller, A. and Ruhlmann-Kleider, V. and Leloup, C. and Neveu, J. and Palanque-Delabrouille, N. and Rich, J. and Carlberg, R. and {C. Lidman} and Pritchet, C.},
	year = {2016},
	pages = {008},
}

@article{hon_deep_2017,
	title = {Deep learning classification in asteroseismology},
	volume = {469},
	issn = {0035-8711},
	doi = {10.1093/mnras/stx1174},
	language = {en},
	number = {4},
	journal = {Mon Not R Astron Soc},
	author = {Hon, Marc and Stello, Dennis and Yu, Jie},
	month = aug,
	year = {2017},
	pages = {4578--4583},
}

@article{bethapudi_separation_2018,
	title = {Separation of pulsar signals from noise using supervised machine learning algorithms},
	volume = {23},
	issn = {2213-1337},
	doi = {10.1016/j.ascom.2018.02.002},
	journal = {Astronomy and Computing},
	author = {Bethapudi, S. and Desai, S.},
	month = apr,
	year = {2018},
	pages = {15--26},
}

@article{hon_detecting_2018,
	title = {Detecting {Solar}-like {Oscillations} in {Red} {Giants} with {Deep} {Learning}},
	volume = {859},
	issn = {0004-637X},
	doi = {10.3847/1538-4357/aabfdb},
	language = {en},
	number = {1},
	journal = {ApJ},
	author = {Hon, Marc and Stello, Dennis and Zinn, Joel C.},
	year = {2018},
	pages = {64},
}

@article{wu_radio_2018,
	title = {Radio {Galaxy} {Zoo}: {ClaRAN} - {A} {Deep} {Learning} {Classifier} for {Radio} {Morphologies}},
	shorttitle = {Radio {Galaxy} {Zoo}},
	journal = {arXiv:1805.12008 [astro-ph]},
	author = {Wu, Chen and Wong, O. Ivy and Rudnick, Lawrence and Shabala, Stanislav S. and Alger, Matthew J. and Banfield, Julie K. and Ong, Cheng Soon and White, Sarah V. and Garon, Avery F. and Norris, Ray P. and Andernach, Heinz and Tate, Jean and Lukic, Vesna and Tang, Hongming and Schawinski, Kevin and Diakogiannis, Foivos I.},
	month = may,
	year = {2018},
	note = {arXiv: 1805.12008},
}

@article{bloom_automating_2012,
	title = {Automating {Discovery} and {Classification} of {Transients} and {Variable} {Stars} in the {Synoptic} {Survey} {Era}},
	volume = {124},
	issn = {1538-3873},
	doi = {10.1086/668468},
	language = {en},
	number = {921},
	journal = {PASP},
	author = {Bloom, J. S. and Richards, J. W. and Nugent, P. E. and Quimby, R. M. and Kasliwal, M. M. and Starr, D. L. and Poznanski, D. and Ofek, E. O. and Cenko, S. B. and Butler, N. R. and Kulkarni, S. R. and Gal-Yam, A. and Law, N.},
	month = oct,
	year = {2012},
	pages = {1175},
}

@article{hoyle_measuring_2016,
	title = {Measuring photometric redshifts using galaxy images and {Deep} {Neural} {Networks}},
	volume = {16},
	issn = {2213-1337},
	doi = {10.1016/j.ascom.2016.03.006},
	journal = {Astronomy and Computing},
	author = {Hoyle, B.},
	month = jul,
	year = {2016},
	pages = {34--40},
}

@book{murphy_machine_2012,
	title = {Machine learning: a probabilistic perspective},
	publisher = {The MIT Press},
	author = {Murphy, Kevin P.},
	year = {2012}
}

@inproceedings{djorgovski_flashes_2012,
	title = {Flashes in a star stream: {Automated} classification of astronomical transient events},
	shorttitle = {Flashes in a star stream},
	doi = {10.1109/eScience.2012.6404437},
	booktitle = {2012 {IEEE} 8th {International} {Conference} on {E}-{Science}},
	author = {Djorgovski, S. G. and Mahabal, A. A. and Donalek, C. and Graham, M. J. and Drake, A. J. and Moghaddam, B. and Turmon, M.},
	month = oct,
	year = {2012},
	pages = {1--8},
}

@article{conley_sifto:_2008,
	title = {{SiFTO}: {An} {Empirical} {Method} for {Fitting} {SN} {Ia} {Light} {Curves}},
	volume = {681},
	issn = {0004-637X},
	shorttitle = {{SiFTO}},
	doi = {10.1086/588518},
	language = {en},
	number = {1},
	journal = {ApJ},
	author = {Conley, A. and Sullivan, M. and Hsiao, E. Y. and Guy, J. and Astier, P. and Balam, D. and Balland, C. and Basa, S. and Carlberg, R. G. and {D. Fouchez} and Hardin, D. and Howell, D. A. and Hook, I. M. and Pain, R. and Perrett, K. and Pritchet, C. J. and Regnault, N.},
	year = {2008},
	pages = {482},
}

@article{djorgovski_towards_2011,
	title = {Towards an {Automated} {Classification} of {Transient} {Events} in {Synoptic} {Sky} {Surveys}},
	journal = {arXiv:1110.4655 [astro-ph, physics:physics]},
	author = {Djorgovski, S. G. and Donalek, C. and Mahabal, A. and Moghaddam, B. and Turmon, M. and Graham, M. and Drake, A. and Sharma, N. and Chen, Y.},
	month = oct,
	year = {2011},
	note = {arXiv: 1110.4655},
}

@article{nugent_kcorrections_2002,
	title = {K-{Corrections} and {Extinction} {Corrections} for {Type} {Ia} {Supernovae}},
	volume = {114},
	issn = {1538-3873},
	doi = {10.1086/341707},
	language = {en},
	number = {798},
	journal = {PASP},
	author = {Nugent, Peter and Kim, Alex and Perlmutter, Saul},
	month = jul,
	year = {2002},
	pages = {803},
}

@article{malz_approximating_2018,
	title = {Approximating {Photo}- z {PDFs} for {Large} {Surveys}},
	volume = {156},
	issn = {1538-3881},
	doi = {10.3847/1538-3881/aac6b5},
	language = {en},
	number = {1},
	journal = {AJ},
	author = {Malz, A. I. and Marshall, P. J. and DeRose, J. and Graham, M. L. and Schmidt, S. J. and Wechsler, R. and Collaboration), (LSST Dark Energy Science},
	year = {2018},
	pages = {35},
}

@inproceedings{mahabal_deep-learnt_2017,
	title = {Deep-learnt classification of light curves},
	doi = {10.1109/SSCI.2017.8280984},
	booktitle = {2017 {IEEE} {Symposium} {Series} on {Computational} {Intelligence} ({SSCI})},
	author = {Mahabal, A. and Sheth, K. and Gieseke, F. and Pai, A. and Djorgovski, S. G. and Drake, A. J. and Graham, M. J.},
	month = nov,
	year = {2017},
	pages = {1--8},
}

@article{charnock_deep_2017,
	title = {Deep {Recurrent} {Neural} {Networks} for {Supernovae} {Classification}},
	volume = {837},
	issn = {2041-8205},
	doi = {10.3847/2041-8213/aa603d},
	language = {en},
	number = {2},
	journal = {ApJL},
	author = {Charnock, Tom and Moss, Adam},
	year = {2017},
	pages = {L28},
}

@article{george_classification_2018,
	title = {Classification and unsupervised clustering of {LIGO} data with {Deep} {Transfer} {Learning}},
	volume = {97},
	doi = {10.1103/PhysRevD.97.101501},
	number = {10},
	journal = {Phys. Rev. D},
	author = {George, Daniel and Shen, Hongyu and Huerta, E. A.},
	month = may,
	year = {2018},
	pages = {101501},
}

@article{zevin_gravity_2017,
	title = {Gravity {Spy}: integrating advanced {LIGO} detector characterization, machine learning, and citizen science},
	volume = {34},
	issn = {0264-9381},
	shorttitle = {Gravity {Spy}},
	doi = {10.1088/1361-6382/aa5cea},
	language = {en},
	number = {6},
	journal = {Class. Quantum Grav.},
	author = {Zevin, M. and Coughlin, S. and Bahaadini, S. and Besler, E. and Rohani, N. and Allen, S. and Cabero, M. and Crowston, K. and Katsaggelos, A. K. and Larson, S. L. and Lee, T. K. and Lintott, C. and Littenberg, T. B. and Lundgren, A. and {\O}sterlund, C. and Smith, J. R. and Trouille, L. and Kalogera, V.},
	year = {2017},
	pages = {064003},
}

@article{morii_machine-learning_2016,
	title = {Machine-learning selection of optical transients in the {Subaru}/{Hyper} {Suprime}-{Cam} survey},
	volume = {68},
	issn = {0004-6264},
	doi = {10.1093/pasj/psw096},
	language = {en},
	number = {6},
	journal = {Publ Astron Soc Jpn Nihon Tenmon Gakkai},
	author = {Morii, Mikio and Ikeda, Shiro and Tominaga, Nozomu and Tanaka, Masaomi and Morokuma, Tomoki and Ishiguro, Katsuhiko and Yamato, Junji and Ueda, Naonori and Suzuki, Naotaka and Yasuda, Naoki and Yoshida, Naoki},
	month = dec,
	year = {2016},
}

@article{abraham_detection_2018,
	title = {Detection of bars in galaxies using a deep convolutional neural network},
	volume = {477},
	issn = {0035-8711},
	doi = {10.1093/mnras/sty627},
	language = {en},
	number = {1},
	journal = {Mon Not R Astron Soc},
	author = {Abraham, Sheelu and Aniyan, A. K. and Kembhavi, Ajit K. and Philip, N. S. and Vaghmare, Kaustubh},
	month = jun,
	year = {2018},
	pages = {894--903},
}

@article{cabrera-vives_deep-hits:_2017,
	title = {Deep-{HiTS}: {Rotation} {Invariant} {Convolutional} {Neural} {Network} for {Transient} {Detection}},
	volume = {836},
	issn = {0004-637X},
	shorttitle = {Deep-{HiTS}},
	doi = {10.3847/1538-4357/836/1/97},
	language = {en},
	number = {1},
	journal = {ApJ},
	author = {Cabrera-Vives, Guillermo and Reyes, Ignacio and F{\"o}rster, Francisco and Est{\'e}vez, Pablo A. and Maureira, Juan-Carlos},
	year = {2017},
	pages = {97},
}

@article{newling_statistical_2011,
	title = {Statistical classification techniques for photometric supernova typing},
	volume = {414},
	issn = {0035-8711},
	doi = {10.1111/j.1365-2966.2011.18514.x},
	language = {en},
	number = {3},
	journal = {Mon Not R Astron Soc},
	author = {Newling, J. and Varughese, M. and Bassett, B. and Campbell, H. and Hlozek, R. and Kunz, M. and Lampeitl, H. and Martin, B. and Nichol, R. and Parkinson, D. and Smith, M.},
	month = jul,
	year = {2011},
	pages = {1987--2004},
}

@article{sako_photometric_2011,
	title = {Photometric {Type} {Ia} {Supernova} {Candidates} from the {Three}-year {SDSS}-{II} {SN} {Survey} {Data}},
	volume = {738},
	issn = {0004-637X},
	doi = {10.1088/0004-637X/738/2/162},
	language = {en},
	number = {2},
	journal = {ApJ},
	author = {Sako, Masao and Bassett, Bruce and Connolly, Brian and Dilday, Benjamin and Cambell, Heather and Frieman, Joshua A. and {Larry Gladney} and Kessler, Richard and Lampeitl, Hubert and Marriner, John and Miquel, Ramon and Nichol, Robert C. and Schneider, Donald P. and Smith, Mathew and Sollerman, Jesper},
	year = {2011},
	pages = {162},
}

@inproceedings{gieseke_detecting_2010,
	title = {Detecting {Quasars} in {Large}-{Scale} {Astronomical} {Surveys}},
	doi = {10.1109/ICMLA.2010.59},
	booktitle = {2010 {Ninth} {International} {Conference} on {Machine} {Learning} and {Applications}},
	author = {Gieseke, F. and Polsterer, K. L. and Thom, A. and Zinn, P. and Bomanns, D. and Dettmar, R. and Kramer, O. and Vahrenhold, J.},
	month = dec,
	year = {2010},
	pages = {352--357},
}
